<?xml version="1.0" encoding="UTF-8"?>
<record xmlns="http://www.loc.gov/MARC21/slim" xmlns:xsi="http://www.w3.org/2001/XMLSchema-instance" xsi:schemaLocation="http://www.loc.gov/MARC21/slim http://www.loc.gov/standards/marcxml/schema/MARC21slim.xsd">
<leader>00000cam a22      i 4500</leader>
<controlfield tag="001">001676380</controlfield>
<controlfield tag="003">NNU</controlfield>
<controlfield tag="005">20160226161846.0</controlfield>
<controlfield tag="008">980927s1896    ua af         000 0 araod</controlfield>
<datafield tag="035" ind1=" " ind2=" ">
<subfield code="a">(OCoLC)39943477</subfield>
<subfield code="z">(OCoLC)41006380</subfield>
</datafield>
<datafield tag="040" ind1=" " ind2=" ">
<subfield code="a">CGU</subfield>
<subfield code="b">eng</subfield>
<subfield code="c">CGU</subfield>
<subfield code="d">OCLCQ</subfield>
<subfield code="d">OCLCG</subfield>
<subfield code="d">OCLCA</subfield>
<subfield code="d">OCLCQ</subfield>
<subfield code="d">OCLCO</subfield>
<subfield code="d">OCLCA</subfield>
<subfield code="d">OCLCF</subfield>
<subfield code="d">OCLCQ</subfield>
<subfield code="d">NNU</subfield>
</datafield>
<datafield tag="043" ind1=" " ind2=" ">
<subfield code="a">a-su---</subfield>
</datafield>
<datafield tag="050" ind1=" " ind2="4">
<subfield code="a">BP187.3</subfield>
<subfield code="b">.M8 1896</subfield>
</datafield>
<datafield tag="100" ind1="1" ind2=" ">
<subfield code="6">880-01</subfield>
<subfield code="a">Ṣādiq, Muḥammad,</subfield>
<subfield code="d">1822 or 1823-1902 or 1903.</subfield>
</datafield>
<datafield tag="245" ind1="1" ind2="0">
<subfield code="6">880-02</subfield>
<subfield code="a">Dalīl al-ḥajj lil-wārid ilá Makkah wa-al-Madīnah min kull fajj /</subfield>
<subfield code="c">Muḥammad pāshā Ṣādiq.</subfield>
</datafield>
<datafield tag="250" ind1=" " ind2=" ">
<subfield code="6">880-03</subfield>
<subfield code="a">al-Ṭabʻah 1.</subfield>
</datafield>
<datafield tag="260" ind1=" " ind2=" ">
<subfield code="6">880-04</subfield>
<subfield code="a">Būlāq :</subfield>
<subfield code="b">al-Maṭbaʻah al-Kubrá al-Amīrīyah,</subfield>
<subfield code="c">1896.</subfield>
</datafield>
<datafield tag="300" ind1=" " ind2=" ">
<subfield code="a">152 pages, [7] leaves of plates :</subfield>
<subfield code="b">illustrations ;</subfield>
<subfield code="c">19 cm</subfield>
</datafield>
<datafield tag="336" ind1=" " ind2=" ">
<subfield code="a">text</subfield>
<subfield code="b">txt</subfield>
<subfield code="2">rdacontent</subfield>
</datafield>
<datafield tag="337" ind1=" " ind2=" ">
<subfield code="a">unmediated</subfield>
<subfield code="b">n</subfield>
<subfield code="2">rdamedia</subfield>
</datafield>
<datafield tag="338" ind1=" " ind2=" ">
<subfield code="a">volume</subfield>
<subfield code="b">nc</subfield>
<subfield code="2">rdacarrier</subfield>
</datafield>
<datafield tag="650" ind1=" " ind2="0">
<subfield code="a">Muslim pilgrims and pilgrimages</subfield>
<subfield code="z">Saudi Arabia</subfield>
<subfield code="z">Mecca.</subfield>
</datafield>
<datafield tag="650" ind1=" " ind2="7">
<subfield code="a">Muslim pilgrims and pilgrimages.</subfield>
<subfield code="2">fast</subfield>
<subfield code="0">(OCoLC)fst01030970</subfield>
</datafield>
<datafield tag="651" ind1=" " ind2="7">
<subfield code="a">Saudi Arabia</subfield>
<subfield code="z">Mecca.</subfield>
<subfield code="2">fast</subfield>
<subfield code="0">(OCoLC)fst01204780</subfield>
</datafield>
<datafield tag="776" ind1="0" ind2="8">
<subfield code="i">Online version:</subfield>
<subfield code="a">Ṣādiq, Muḥammad, 1822 or 3-1902 or 3.</subfield>
<subfield code="t">Dalīl al-ḥajj lil-wārid ilá Makkah wa-al-Madīnah min kull fajj.</subfield>
<subfield code="b">al-Ṭabʻah 1.</subfield>
<subfield code="d">Būlāq : al-Maṭbaʻah al-Kubrá al-Amīrīyah, 1896</subfield>
<subfield code="w">(OCoLC)653954479</subfield>
</datafield>
<datafield tag="880" ind1="1" ind2=" ">
<subfield code="6">100-01/</subfield>
<subfield code="a">صادق، محمد،</subfield>
<subfield code="d">1822 or 1823-1902 or 1903.</subfield>
</datafield>
<datafield tag="880" ind1="1" ind2="0">
<subfield code="6">245-02/</subfield>
<subfield code="a">دليل الحج للوارد إلى مكة والمدينة من كل فج /</subfield>
<subfield code="c">تأليف محمد باشا صادق.</subfield>
</datafield>
<datafield tag="880" ind1=" " ind2=" ">
<subfield code="6">250-03/</subfield>
<subfield code="a">الطبعة ١.</subfield>
</datafield>
<datafield tag="880" ind1=" " ind2=" ">
<subfield code="6">260-04/</subfield>
<subfield code="a">بولاق :</subfield>
<subfield code="b">المطبعة الكبرى الاميرية،</subfield>
<subfield code="c">1896.</subfield>
</datafield>
<datafield tag="OWN" ind1=" " ind2=" ">
<subfield code="a">GENERAL</subfield>
</datafield>
<datafield tag="AVA" ind1=" " ind2=" ">
<subfield code="a">NYU50</subfield>
<subfield code="b">BOBST</subfield>
<subfield code="c">Main Collection</subfield>
<subfield code="d">BP187.3 .M8</subfield>
<subfield code="e">unavailable</subfield>
<subfield code="t">Unavailable</subfield>
<subfield code="f">1</subfield>
<subfield code="g">1</subfield>
<subfield code="h">N</subfield>
<subfield code="i">0</subfield>
<subfield code="j">MAIN</subfield>
<subfield code="k">0</subfield>
</datafield>
</record>
